<?xml version="1.0" encoding="UTF-8"?>
<zs:searchRetrieveResponse xmlns:zs="http://www.loc.gov/zing/srw/">
  <zs:version>1.1</zs:version>
  <zs:numberOfRecords>2</zs:numberOfRecords>
  <zs:records>
    <zs:record>
      <zs:recordSchema/>
      <zs:recordPacking>xml</zs:recordPacking>
      <zs:recordData>
        <record xmlns="http://www.loc.gov/MARC21/slim">
          <leader>01698cam a2200361 a 4500</leader>
          <controlfield tag="001">4688493</controlfield>
          <controlfield tag="005">20231208163632.0</controlfield>
          <controlfield tag="008">811105r1908    enkaf    b    000 0beng  </controlfield>
          <datafield tag="906" ind1=" " ind2=" ">
            <subfield code="a">7</subfield>
            <subfield code="b">cbc</subfield>
            <subfield code="c">orignew</subfield>
            <subfield code="d">2</subfield>
            <subfield code="e">ncip</subfield>
            <subfield code="f">19</subfield>
            <subfield code="g">y-gencatlg</subfield>
          </datafield>
          <datafield tag="955" ind1=" " ind2=" ">
            <subfield code="u">he18 2021-04-08 TW situational</subfield>
          </datafield>
          <datafield tag="010" ind1=" " ind2=" ">
            <subfield code="a">   81187902 </subfield>
          </datafield>
          <datafield tag="035" ind1=" " ind2=" ">
            <subfield code="9">(DLC)   81187902</subfield>
          </datafield>
          <datafield tag="040" ind1=" " ind2=" ">
            <subfield code="a">DLC</subfield>
            <subfield code="b">eng</subfield>
            <subfield code="c">DLC</subfield>
            <subfield code="d">DLC</subfield>
          </datafield>
          <datafield tag="050" ind1="0" ind2="0">
            <subfield code="a">CJ6109.H55</subfield>
            <subfield code="b">F37 1908 Rosenwald Ref Coll</subfield>
          </datafield>
          <datafield tag="100" ind1="1" ind2=" ">
            <subfield code="a">Farquhar, Helen.</subfield>
          </datafield>
          <datafield tag="245" ind1="1" ind2="0">
            <subfield code="a">Nicholas Hilliard, "embosser of medals of gold" /</subfield>
            <subfield code="c">by Helen Farquhar.</subfield>
          </datafield>
          <datafield tag="260" ind1=" " ind2=" ">
            <subfield code="a">London :</subfield>
            <subfield code="b">[Numismatic chronicle],</subfield>
            <subfield code="c">1908.</subfield>
          </datafield>
          <datafield tag="300" ind1=" " ind2=" ">
            <subfield code="a">33 p., [4] leaves of plates :</subfield>
            <subfield code="b">ill. ;</subfield>
            <subfield code="c">22 cm.</subfield>
          </datafield>
          <datafield tag="500" ind1=" " ind2=" ">
            <subfield code="a">Book-plate of Howard C. Lewis</subfield>
            <subfield code="5">DLC</subfield>
          </datafield>
          <datafield tag="500" ind1=" " ind2=" ">
            <subfield code="a">"Reprinted from the 'Numismatic chronicle.' Fourth series, vol. VIII."</subfield>
          </datafield>
          <datafield tag="504" ind1=" " ind2=" ">
            <subfield code="a">Includes bibliographical references.</subfield>
          </datafield>
          <datafield tag="561" ind1=" " ind2=" ">
            <subfield code="a">Gift of Lessing J. Rosenwald, 1943-1975.</subfield>
            <subfield code="5">DLC</subfield>
          </datafield>
          <datafield tag="591" ind1=" " ind2=" ">
            <subfield code="a">With: A note on William Holle, cuneator of the mint / by Helen Farquhar. London : [Numismatic chronicle], 1908. Bound together subsequent to publication in a vol. with two holograph letters from the author to H.C. Levis.</subfield>
          </datafield>
          <datafield tag="600" ind1="1" ind2="0">
            <subfield code="a">Hilliard, Nicholas,</subfield>
            <subfield code="d">1547?-1619.</subfield>
          </datafield>
          <datafield tag="650" ind1=" " ind2="0">
            <subfield code="a">Medalists</subfield>
            <subfield code="z">Great Britain</subfield>
            <subfield code="v">Biography.</subfield>
          </datafield>
          <datafield tag="700" ind1="1" ind2=" ">
            <subfield code="a">Levis, Howard Coppuck,</subfield>
            <subfield code="e">former owner.</subfield>
            <subfield code="5">DLC</subfield>
          </datafield>
          <datafield tag="710" ind1="2" ind2=" ">
            <subfield code="a">Lessing J. Rosenwald Reference Collection (Library of Congress)</subfield>
            <subfield code="5">DLC</subfield>
          </datafield>
          <datafield tag="856" ind1="4" ind2="1">
            <subfield code="d">rbc0001</subfield>
            <subfield code="f">2023rosen87902</subfield>
            <subfield code="u">http://hdl.loc.gov/loc.rbc/Rosenwald.87902</subfield>
          </datafield>
          <datafield tag="952" ind1=" " ind2=" ">
            <subfield code="a">LAC aaa 2019-03-20 update (1 card)</subfield>
          </datafield>
          <datafield tag="984" ind1=" " ind2=" ">
            <subfield code="a">rsl</subfield>
            <subfield code="d">2019-03-20</subfield>
          </datafield>
          <datafield tag="985" ind1=" " ind2=" ">
            <subfield code="a">rblacfederal</subfield>
            <subfield code="d">20190320</subfield>
          </datafield>
          <datafield tag="987" ind1=" " ind2=" ">
            <subfield code="b">RBSCDRECON</subfield>
            <subfield code="c">20190320</subfield>
            <subfield code="d">r</subfield>
            <subfield code="f">BOUND WITH</subfield>
          </datafield>
          <datafield tag="991" ind1=" " ind2=" ">
            <subfield code="b">r-RareBk</subfield>
            <subfield code="h">CJ6109.H55</subfield>
            <subfield code="i">F37 1908 Rosenwald Ref Coll</subfield>
            <subfield code="t">Copy 1</subfield>
            <subfield code="w">BOOKS</subfield>
          </datafield>
        </record>
      </zs:recordData>
      <zs:recordPosition>1</zs:recordPosition>
    </zs:record>